<?xml version="1.0"?>
<marc:collection xmlns:marc="http://www.loc.gov/MARC21/slim" xmlns:xsi="http://www.w3.org/2001/XMLSchema-instance" xsi:schemaLocation="http://www.loc.gov/MARC21/slim http://www.loc.gov/standards/marcxml/schema/MARC21slim.xsd">
   <marc:record type="Bibliographic">
      <marc:leader>01960cam a2200445Ia 4500</marc:leader>
      <marc:controlfield tag="001">2756501</marc:controlfield>
      <marc:controlfield tag="003">NjP</marc:controlfield>
      <marc:controlfield tag="005">20140528132718.0</marc:controlfield>
      <marc:controlfield tag="008">890922s1970    iq h     b    000 0 arar </marc:controlfield>
      <marc:datafield tag="024" ind1="7" ind2=" ">
         <marc:subfield code="a">princeton_aco000093</marc:subfield>
         <marc:subfield code="2">local</marc:subfield>
      </marc:datafield>
      <marc:datafield tag="010" ind1=" " ind2=" ">
         <marc:subfield code="a">   74962065 </marc:subfield>
      </marc:datafield>
      <marc:datafield tag="035" ind1=" " ind2=" ">
         <marc:subfield code="a">(OCoLC)ocn880635795</marc:subfield>
      </marc:datafield>
      <marc:datafield tag="035" ind1=" " ind2=" ">
         <marc:subfield code="a">(OCoLC)ocm20384452</marc:subfield>
      </marc:datafield>
      <marc:datafield tag="035" ind1=" " ind2=" ">
         <marc:subfield code="9">CNF0138TS</marc:subfield>
      </marc:datafield>
      <marc:datafield tag="040" ind1=" " ind2=" ">
         <marc:subfield code="a">DLC</marc:subfield>
         <marc:subfield code="b">eng</marc:subfield>
         <marc:subfield code="c">PUL</marc:subfield>
         <marc:subfield code="d">WAU</marc:subfield>
         <marc:subfield code="d">IUL</marc:subfield>
         <marc:subfield code="d">CLU</marc:subfield>
         <marc:subfield code="d">OCLCQ</marc:subfield>
         <marc:subfield code="d">OCLCF</marc:subfield>
         <marc:subfield code="d">PUL</marc:subfield>
      </marc:datafield>
      <marc:datafield tag="066" ind1=" " ind2=" ">
         <marc:subfield code="c">(3</marc:subfield>
      </marc:datafield>
      <marc:datafield tag="035" ind1=" " ind2=" ">
         <marc:subfield code="a">(OCoLC)880635795</marc:subfield>
      </marc:datafield>
      <marc:datafield tag="050" ind1="0" ind2="4">
         <marc:subfield code="a">PJ6123</marc:subfield>
         <marc:subfield code="b">.H5 1970</marc:subfield>
      </marc:datafield>
      <marc:datafield tag="079" ind1=" " ind2=" ">
         <marc:subfield code="a">ocm20384452</marc:subfield>
      </marc:datafield>
      <marc:datafield tag="049" ind1=" " ind2=" ">
         <marc:subfield code="a">PULL</marc:subfield>
      </marc:datafield>
      <marc:datafield tag="100" ind1="1" ind2=" ">
         <marc:subfield code="6">880-01</marc:subfield>
         <marc:subfield code="a">Hi&#x304;ti&#x304;, &#x2BB;Abd Alla&#x304;h ibn &#x2BB;Ali&#x304;,</marc:subfield>
         <marc:subfield code="d">approximately 1413-1486.</marc:subfield>
      </marc:datafield>
      <marc:datafield tag="245" ind1="1" ind2="3">
         <marc:subfield code="6">880-02</marc:subfield>
         <marc:subfield code="a">al-&#x2BB;Umdah :</marc:subfield>
         <marc:subfield code="b">risa&#x304;lah fi&#x304; al-khat&#x323;t&#x323; wa-al-qalam /</marc:subfield>
         <marc:subfield code="c">tas&#x323;ni&#x304;f &#x2BB;Abd Alla&#x304;h ibn &#x2BB;Ali&#x304; al-Hi&#x304;ti&#x304; ; h&#x323;aqqaqahu wa-qaddama lahu Hila&#x304;l Na&#x304;ji&#x304;.</marc:subfield>
      </marc:datafield>
      <marc:datafield tag="246" ind1="1" ind2="4">
         <marc:subfield code="a">&#x2BB;Umda, risala fi &#x2BC;l-khatt wa-&#x2BC;l-qalam</marc:subfield>
      </marc:datafield>
      <marc:datafield tag="250" ind1=" " ind2=" ">
         <marc:subfield code="6">880-03</marc:subfield>
         <marc:subfield code="a">al-T&#x323;ab&#x2BB;ah 1.</marc:subfield>
      </marc:datafield>
      <marc:datafield tag="260" ind1=" " ind2=" ">
         <marc:subfield code="6">880-04</marc:subfield>
         <marc:subfield code="a">Baghda&#x304;d :</marc:subfield>
         <marc:subfield code="b">Mat&#x323;ba&#x2BB;at al-Ma&#x2BB;a&#x304;rif,</marc:subfield>
         <marc:subfield code="c">1970.</marc:subfield>
      </marc:datafield>
      <marc:datafield tag="300" ind1=" " ind2=" ">
         <marc:subfield code="a">26 pages :</marc:subfield>
         <marc:subfield code="b">facsimiles ;</marc:subfield>
         <marc:subfield code="c">21 cm</marc:subfield>
      </marc:datafield>
      <marc:datafield tag="336" ind1=" " ind2=" ">
         <marc:subfield code="a">text</marc:subfield>
         <marc:subfield code="b">txt</marc:subfield>
         <marc:subfield code="2">rdacontent</marc:subfield>
      </marc:datafield>
      <marc:datafield tag="337" ind1=" " ind2=" ">
         <marc:subfield code="a">unmediated</marc:subfield>
         <marc:subfield code="b">n</marc:subfield>
         <marc:subfield code="2">rdamedia</marc:subfield>
      </marc:datafield>
      <marc:datafield tag="338" ind1=" " ind2=" ">
         <marc:subfield code="a">volume</marc:subfield>
         <marc:subfield code="b">nc</marc:subfield>
         <marc:subfield code="2">rdacarrier</marc:subfield>
      </marc:datafield>
      <marc:datafield tag="504" ind1=" " ind2=" ">
         <marc:subfield code="a">Includes bibliographical references.</marc:subfield>
      </marc:datafield>
      <marc:datafield tag="530" ind1=" " ind2=" ">
         <marc:subfield code="a">Also issued online.</marc:subfield>
      </marc:datafield>
      <marc:datafield tag="650" ind1=" " ind2="0">
         <marc:subfield code="a">Writing, Arabic.</marc:subfield>
      </marc:datafield>
      <marc:datafield tag="650" ind1=" " ind2="7">
         <marc:subfield code="a">Writing, Arabic.</marc:subfield>
         <marc:subfield code="2">fast</marc:subfield>
         <marc:subfield code="0">(OCoLC)fst01181678</marc:subfield>
      </marc:datafield>
      <marc:datafield tag="700" ind1="1" ind2=" ">
         <marc:subfield code="6">880-05</marc:subfield>
         <marc:subfield code="a">Na&#x304;ji&#x304;, Hila&#x304;l.</marc:subfield>
      </marc:datafield>
      <marc:datafield tag="776" ind1="0" ind2="8">
         <marc:subfield code="i">Online version:</marc:subfield>
         <marc:subfield code="a">Hi&#x304;ti&#x304;, &#x2BB;Abd Alla&#x304;h ibn &#x2BB;Ali&#x304;, approximately 1413-1486.</marc:subfield>
         <marc:subfield code="t">&#x2BB;Umdah.</marc:subfield>
         <marc:subfield code="b">al-T&#x323;ab&#x2BB;ah 1.</marc:subfield>
         <marc:subfield code="d">Baghda&#x304;d : Mat&#x323;ba&#x2BB;at al-Ma&#x2BB;a&#x304;rif, 1970</marc:subfield>
         <marc:subfield code="w">(OCoLC)586670753</marc:subfield>
      </marc:datafield>
      <marc:datafield tag="880" ind1="1" ind2=" ">
         <marc:subfield code="6">100-01/(3/r</marc:subfield>
         <marc:subfield code="a">&#x647;&#x64A;&#x62A;&#x64A;&#x60C; &#x639;&#x628;&#x62F; &#x627;&#x644;&#x644;&#x647; &#x628;&#x646; &#x639;&#x644;&#x64A;&#x60C;,</marc:subfield>
         <marc:subfield code="d">approximately 1413-1486.</marc:subfield>
      </marc:datafield>
      <marc:datafield tag="880" ind1="1" ind2="2">
         <marc:subfield code="6">245-02/(3/r</marc:subfield>
         <marc:subfield code="a">&#x627;&#x644;&#x639;&#x645;&#x62F;&#x629; :</marc:subfield>
         <marc:subfield code="b">&#x631;&#x633;&#x627;&#x644;&#x629; &#x641;&#x64A; &#x627;&#x644;&#x62E;&#x637; &#x648;&#x627;&#x644;&#x642;&#x644;&#x645; /</marc:subfield>
         <marc:subfield code="c">&#x62A;&#x635;&#x646;&#x64A;&#x641; &#x639;&#x628;&#x62F; &#x627;&#x644;&#x644;&#x647; &#x628;&#x646; &#x639;&#x644;&#x64A; &#x627;&#x644;&#x647;&#x64A;&#x62A;&#x64A; &#x61B; &#x62D;&#x642;&#x642;&#x647; &#x648;&#x642;&#x62F;&#x645; &#x644;&#x647; &#x647;&#x644;&#x627;&#x644; &#x646;&#x627;&#x62C;&#x64A;.</marc:subfield>
      </marc:datafield>
      <marc:datafield tag="880" ind1=" " ind2=" ">
         <marc:subfield code="6">250-03/(3/r</marc:subfield>
         <marc:subfield code="a">&#x627;&#x644;&#x637;&#x628;&#x639;&#x629; 1.</marc:subfield>
      </marc:datafield>
      <marc:datafield tag="880" ind1=" " ind2=" ">
         <marc:subfield code="6">260-04/(3/r</marc:subfield>
         <marc:subfield code="a">&#x628;&#x63A;&#x62F;&#x627;&#x62F; :</marc:subfield>
         <marc:subfield code="b">&#x645;&#x637;&#x628;&#x639;&#x629; &#x627;&#x644;&#x645;&#x639;&#x627;&#x631;&#x641;&#x60C;</marc:subfield>
         <marc:subfield code="c">1970.</marc:subfield>
      </marc:datafield>
      <marc:datafield tag="880" ind1="1" ind2=" ">
         <marc:subfield code="6">700-05/(3/r</marc:subfield>
         <marc:subfield code="a">&#x646;&#x627;&#x62C;&#x64A;&#x60C; &#x647;&#x644;&#x627;&#x644;.</marc:subfield>
      </marc:datafield>
      <marc:datafield tag="994" ind1=" " ind2=" ">
         <marc:subfield code="a">C0</marc:subfield>
         <marc:subfield code="b">PUL</marc:subfield>
      </marc:datafield>
      <marc:datafield tag="999" ind1=" " ind2=" ">
         <marc:subfield code="a">2756501</marc:subfield>
      </marc:datafield>
   </marc:record>
</marc:collection>
